@book{HAVM14, 
  author = {Харин, Ю.С. and Агиевич, С.В. and Васильев, Д.В. and Матвеев, Г.В.}, 
  title = {Криптология}, 
  year = {2014},
  publisher = {БГУ},
  address = {Минск}, 
  language = {russian},
}